<record><leader>00913cam a2200277 i 45 0</leader><controlfield tag="001">6755238</controlfield><controlfield tag="003">OCoLC</controlfield><controlfield tag="005">20141209112133.0</controlfield><controlfield tag="008">140828t20152015inua          001 0 eng d</controlfield><datafield ind1=" " ind2=" " tag="020"><subfield code="a">0789753936</subfield></datafield><datafield ind1=" " ind2=" " tag="020"><subfield code="a">9780789753939</subfield></datafield><datafield ind1=" " ind2=" " tag="035"><subfield code="a">ocn894609777</subfield></datafield><datafield ind1=" " ind2=" " tag="040"><subfield code="a">YDXCP</subfield><subfield code="b">eng</subfield><subfield code="e">rda</subfield><subfield code="c">YDXCP</subfield><subfield code="d">BTCTA</subfield><subfield code="d">AEVC</subfield></datafield><datafield ind1=" " ind2=" " tag="090"><subfield code="a">005.446 MAC</subfield><subfield code="b">AEVC</subfield></datafield><datafield ind1="1" ind2=" " tag="100"><subfield code="a">Ray, John,</subfield><subfield code="e">author.</subfield></datafield><datafield ind1="1" ind2="0" tag="245"><subfield code="a">My Macbook :</subfield><subfield code="b">Yosemite edition /</subfield><subfield code="c">John Ray.</subfield></datafield><datafield ind1=" " ind2="1" tag="264"><subfield code="a">Indianapolis, Indiana :</subfield><subfield code="b">QUE, </subfield><subfield code="c">[2015]</subfield></datafield><datafield ind1=" " ind2="4" tag="264"><subfield code="c">&#169;2015</subfield></datafield><datafield ind1=" " ind2=" " tag="300"><subfield code="a">xiii, 514 pages :</subfield><subfield code="b">color illustrations ;</subfield><subfield code="c">23 cm</subfield></datafield><datafield ind1=" " ind2=" " tag="500"><subfield code="a">"Covers MacBook, MacBook Pro, and MacBook Air"--Cover</subfield></datafield><datafield ind1=" " ind2=" " tag="500"><subfield code="a">Includes index.</subfield></datafield><datafield ind1=" " ind2=" " tag="596"><subfield code="a">3</subfield></datafield><datafield ind1=" " ind2="0" tag="650"><subfield code="a">Mac OS.</subfield></datafield><datafield ind1=" " ind2="0" tag="650"><subfield code="a">MacBook (Computer)</subfield></datafield><datafield ind1=" " ind2="0" tag="650"><subfield code="a">Operating systems (Computers)</subfield></datafield><datafield ind1=" " ind2=" " tag="926"><subfield code="a">005.446 MAC</subfield><subfield code="w">DEWEY</subfield><subfield code="c">1</subfield><subfield code="i">33862001350143</subfield><subfield code="d">8/31/2016</subfield><subfield code="e">8/18/2016</subfield><subfield code="l">ON_SHELF</subfield><subfield code="m">NORQ_MAIN</subfield><subfield code="n">2</subfield><subfield code="p">$18.17</subfield><subfield code="r">Y</subfield><subfield code="s">Y</subfield><subfield code="t">BOOK</subfield><subfield code="u">12/19/2014</subfield></datafield></record>